<record><leader>00000cas a2200000Ma 4500</leader><controlfield tag="001">10940767</controlfield><controlfield tag="008">840712d185518uunhuwr ne      0    0eng d</controlfield><datafield ind1=" " ind2=" " tag="010"><subfield code="a">sn 84023671 </subfield></datafield><datafield ind1=" " ind2=" " tag="040"><subfield code="a">AQM</subfield><subfield code="b">eng</subfield><subfield code="c">AQM</subfield><subfield code="d">OCLCQ</subfield></datafield><datafield ind1="0" ind2=" " tag="130"><subfield code="a">Great Falls journal (Somersworth, N.H. : 1855)</subfield></datafield><datafield ind1="1" ind2="4" tag="245"><subfield code="a">The Great Falls journal.</subfield></datafield><datafield ind1=" " ind2=" " tag="260"><subfield code="a">Somersworth, N.H. :</subfield><subfield code="b">William A. Fogg</subfield></datafield><datafield ind1=" " ind2=" " tag="300"><subfield code="a">v.</subfield></datafield><datafield ind1=" " ind2=" " tag="310"><subfield code="a">Weekly</subfield></datafield><datafield ind1="1" ind2=" " tag="362"><subfield code="a">Began in 1855.</subfield></datafield><datafield ind1=" " ind2=" " tag="588"><subfield code="a">Description based on: Vol. 9, no. 2 (Aug. 18, 1855).</subfield></datafield><datafield ind1=" " ind2="7" tag="655"><subfield code="a">Newspapers.</subfield><subfield code="2">rbgenr</subfield></datafield><datafield ind1=" " ind2=" " tag="752"><subfield code="a">United States</subfield><subfield code="b">New Hampshire</subfield><subfield code="c">Strafford</subfield><subfield code="d">Somersworth.</subfield></datafield><datafield ind1="0" ind2="0" tag="780"><subfield code="t">Great Falls weekly journal</subfield><subfield code="w">(DLC)sn 84023670</subfield></datafield></record>